<record><leader>00000cas a22000007a 4500</leader><controlfield tag="001">9779993</controlfield><controlfield tag="008">830805d18171817mauwr ne      0    0eng d</controlfield><datafield ind1=" " ind2=" " tag="010"><subfield code="a">sn 83021055 </subfield></datafield><datafield ind1=" " ind2=" " tag="040"><subfield code="a">NPX</subfield><subfield code="b">eng</subfield><subfield code="c">NPX</subfield><subfield code="d">NPU</subfield><subfield code="d">DLC</subfield><subfield code="d">MGN</subfield><subfield code="d">OCL</subfield><subfield code="d">OCLCQ</subfield><subfield code="d">OCLCO</subfield><subfield code="d">OCLCF</subfield></datafield><datafield ind1="1" ind2=" " tag="029"><subfield code="a">AU@</subfield><subfield code="b">000025800522</subfield></datafield><datafield ind1=" " ind2=" " tag="042"><subfield code="a">msc</subfield></datafield><datafield ind1=" " ind2=" " tag="043"><subfield code="a">n-us-ma</subfield></datafield><datafield ind1="0" ind2="0" tag="050"><subfield code="a">Newspaper 8160-X</subfield></datafield><datafield ind1="0" ind2="0" tag="245"><subfield code="a">Franklin Federalist, and religious, scientific, and literary repository.</subfield></datafield><datafield ind1=" " ind2=" " tag="260"><subfield code="a">Greenfield, Mass. :</subfield><subfield code="b">Russell Wells,</subfield><subfield code="c">1817-</subfield></datafield><datafield ind1=" " ind2=" " tag="300"><subfield code="a">volumes ;</subfield><subfield code="c">49 cm</subfield></datafield><datafield ind1=" " ind2=" " tag="310"><subfield code="a">Weekly</subfield></datafield><datafield ind1=" " ind2=" " tag="336"><subfield code="a">text</subfield><subfield code="b">txt</subfield><subfield code="2">rdacontent</subfield></datafield><datafield ind1=" " ind2=" " tag="337"><subfield code="a">unmediated</subfield><subfield code="b">n</subfield><subfield code="2">rdamedia</subfield></datafield><datafield ind1=" " ind2=" " tag="338"><subfield code="a">volume</subfield><subfield code="b">nc</subfield><subfield code="2">rdacarrier</subfield></datafield><datafield ind1="0" ind2=" " tag="362"><subfield code="a">Vol. 1, no. 1 (May 24, 1817)-</subfield></datafield><datafield ind1="1" ind2=" " tag="362"><subfield code="a">Ceased Dec. 29, 1817.</subfield></datafield><datafield ind1=" " ind2=" " tag="500"><subfield code="a">Printer: R. Wells.</subfield></datafield><datafield ind1=" " ind2="0" tag="651"><subfield code="a">Greenfield (Mass.)</subfield><subfield code="v">Newspapers.</subfield></datafield><datafield ind1=" " ind2="7" tag="655"><subfield code="a">Newspapers.</subfield><subfield code="2">fast</subfield><subfield code="0">(OCoLC)fst01423814</subfield></datafield><datafield ind1=" " ind2="7" tag="651"><subfield code="a">Massachusetts</subfield><subfield code="z">Greenfield.</subfield><subfield code="2">fast</subfield><subfield code="0">(OCoLC)fst01208547</subfield></datafield><datafield ind1="1" ind2=" " tag="700"><subfield code="a">Wells, Russell,</subfield><subfield code="d">1794-</subfield></datafield><datafield ind1=" " ind2=" " tag="752"><subfield code="a">United States</subfield><subfield code="b">Massachusetts</subfield><subfield code="c">Franklin</subfield><subfield code="d">Greenfield.</subfield></datafield><datafield ind1="0" ind2="0" tag="785"><subfield code="t">Franklin intelligencer (Greenfield, Mass.)</subfield><subfield code="w">(DLC)sn 83021056</subfield><subfield code="w">(OCoLC)9780057</subfield></datafield></record>